@book{Fahringer:2011:APP:2408115,
 author = {Fahringer, Thomas},
 title = {Automatic Performance Prediction of Parallel Programs},
 year = {2011},
 isbn = {1461285925, 9781461285922},
 edition = {1st},
 publisher = {Springer Publishing Company, Incorporated},
} 

@inproceedings{Harrow:2000:RCM:645880.672080,
 author = {Harrow, Jerry J.},
 title = {Runtime Checking of Multithreaded Applications with Visual Threads},
 booktitle = {Proceedings of the 7th International SPIN Workshop on SPIN Model Checking and Software Verification},
 year = {2000},
 isbn = {3-540-41030-9},
 pages = {331--342},
 numpages = {12},
 url = {http://dl.acm.org/citation.cfm?id=645880.672080},
 acmid = {672080},
 publisher = {Springer-Verlag},
 address = {London, UK, UK},
} 

@misc{helgrind,
  author = {OpenWorks   LLP},
  title = {"Helgrind:   A   data   race   detector"},
  year = {2007},
  howpublished = "\url{http://valgrind.org/docs/manual/hg-manual.html/}"
}



@inproceedings{404681,
  author       = {Ronsse, Michiel and Stougie, B and Maebe, Jonas and Cornelis, Frank and De Bosschere, Koen},
  booktitle    = {ADVANCES IN PARALLEL COMPUTING},
  editor       = {Joubert, G and Nagel, WE and Peters, FJ and Walter, WV},
  isbn         = {0-444-51689-1},
  language     = {eng},
  location     = {Dresden, GERMANY},
  pages        = {39--46},
  publisher    = {Elsevier Science},
  title        = {An efficient data race detector backend for DIOTA},
  volume       = {13},
  year         = {2004},
}

@inproceedings{Savage:1997:EDD:268998.266641,
 author = {Savage, Stefan and Burrows, Michael and Nelson, Greg and Sobalvarro, Patrick and Anderson, Thomas},
 title = {Eraser: A Dynamic Data Race Detector for Multi-threaded Programs},
 booktitle = {Proceedings of the Sixteenth ACM Symposium on Operating Systems Principles},
 series = {SOSP '97},
 year = {1997},
 isbn = {0-89791-916-5},
 location = {Saint Malo, France},
 pages = {27--37},
 numpages = {11},
 url = {http://doi.acm.org/10.1145/268998.266641},
 doi = {10.1145/268998.266641},
 acmid = {266641},
 publisher = {ACM},
 address = {New York, NY, USA},
} 

@inproceedings{Cheng:2006:TEF:1157733.1157903,
 author = {Cheng, Winnie and Zhao, Qin and Yu, Bei and Hiroshige, Scott},
 title = {TaintTrace: Efficient Flow Tracing with Dynamic Binary Rewriting},
 booktitle = {Proceedings of the 11th IEEE Symposium on Computers and Communications},
 series = {ISCC '06},
 year = {2006},
 isbn = {0-7695-2588-1},
 pages = {749--754},
 numpages = {6},
 url = {http://dx.doi.org/10.1109/ISCC.2006.158},
 doi = {10.1109/ISCC.2006.158},
 acmid = {1157903},
 publisher = {IEEE Computer Society},
 address = {Washington, DC, USA},
} 

@INPROCEEDINGS{Newsome05dynamictaint,
    author = {James Newsome},
    title = {Dynamic Taint Analysis for Automatic Detection, Analysis, and Signature Generation of Exploits on Commodity Software},
    booktitle = {Proc. of  the  Network  and  Distributed  System  Security  Symposium  (NDSS 2005)},
    year = {2005}
}

@inproceedings{Qin:2006:LLP:1194816.1194834,
 author = {Qin, Feng and Wang, Cheng and Li, Zhenmin and Kim, Ho-seop and Zhou, Yuanyuan and Wu, Youfeng},
 title = {LIFT: A Low-Overhead Practical Information Flow Tracking System for Detecting Security Attacks},
 booktitle = {Proceedings of the 39th Annual IEEE/ACM International Symposium on Microarchitecture},
 series = {MICRO 39},
 year = {2006},
 isbn = {0-7695-2732-9},
 pages = {135--148},
 numpages = {14},
 url = {http://dx.doi.org/10.1109/MICRO.2006.29},
 doi = {10.1109/MICRO.2006.29},
 acmid = {1194834},
 publisher = {IEEE Computer Society},
 address = {Washington, DC, USA},
} 

@INPROCEEDINGS{Hastings91purify:fast,
    author = {Reed Hastings and Bob Joyce},
    title = {Purify: Fast detection of memory leaks and access errors},
    booktitle = {In Proc. of the Winter 1992 USENIX Conference},
    year = {1991},
    pages = {125--138}
}

@inproceedings{Seward:2005:UVD:1247360.1247362,
 author = {Seward, Julian and Nethercote, Nicholas},
 title = {Using Valgrind to Detect Undefined Value Errors with Bit-precision},
 booktitle = {Proceedings of the Annual Conference on USENIX Annual Technical Conference},
 series = {ATEC '05},
 year = {2005},
 location = {Anaheim, CA},
 pages = {2--2},
 numpages = {1},
 url = {http://dl.acm.org/citation.cfm?id=1247360.1247362},
 acmid = {1247362},
 publisher = {USENIX Association},
 address = {Berkeley, CA, USA},
} 

@inproceedings{Narayanasamy:2006:ALO:1140277.1140303,
 author = {Narayanasamy, Satish and Pereira, Cristiano and Patil, Harish and Cohn, Robert and Calder, Brad},
 title = {Automatic Logging of Operating System Effects to Guide Application-level Architecture Simulation},
 booktitle = {Proceedings of the Joint International Conference on Measurement and Modeling of Computer Systems},
 series = {SIGMETRICS '06/Performance '06},
 year = {2006},
 isbn = {1-59593-319-0},
 location = {Saint Malo, France},
 pages = {216--227},
 numpages = {12},
 url = {http://doi.acm.org/10.1145/1140277.1140303},
 doi = {10.1145/1140277.1140303},
 acmid = {1140303},
 publisher = {ACM},
 address = {New York, NY, USA},
 keywords = {architecture simulation, checkpoints, emulating system calls},
} 

@article{Balsamo:2004:MPP:987527.987640,
 author = {Balsamo, Simonetta and Di Marco, Antinisca and Inverardi, Paola and Simeoni, Marta},
 title = {Model-Based Performance Prediction in Software Development: A Survey},
 journal = {IEEE Trans. Softw. Eng.},
 issue_date = {May 2004},
 volume = {30},
 number = {5},
 month = may,
 year = {2004},
 issn = {0098-5589},
 pages = {295--310},
 numpages = {16},
 url = {http://dx.doi.org/10.1109/TSE.2004.9},
 doi = {10.1109/TSE.2004.9},
 acmid = {987640},
 publisher = {IEEE Press},
 address = {Piscataway, NJ, USA},
 keywords = {65, Software verification, Software verification, performance modeling and prediction, integrated environments., integrated environments., performance modeling and prediction},
} 



@inproceedings{Xiong:2010:AHS:1924943.1924955,
 author = {Xiong, Weiwei and Park, Soyeon and Zhang, Jiaqi and Zhou, Yuanyuan and Ma, Zhiqiang},
 title = {Ad Hoc Synchronization Considered Harmful},
 booktitle = {Proceedings of the 9th USENIX Conference on Operating Systems Design and Implementation},
 series = {OSDI'10},
 year = {2010},
 location = {Vancouver, BC, Canada},
 pages = {1--8},
 numpages = {8},
 url = {http://dl.acm.org/citation.cfm?id=1924943.1924955},
 acmid = {1924955},
 publisher = {USENIX Association},
 address = {Berkeley, CA, USA},
} 

@inproceedings{falseshare:effect,
 author = {Bolosky, William J. and Scott, Michael L.},
 title = {False sharing and its effect on shared memory performance},
 booktitle = {{SEDMS IV}: USENIX Symposium on Experiences with Distributed and Multiprocessor Systems},
 year = {1993},
 pages = {57--71},
 location = {San Diego, California},
 publisher = {USENIX Association},
 address = {Berkeley, CA, USA},
}
@inproceedings{llvm,
 author = {Lattner, Chris and Adve, Vikram},
 title = {LLVM: A Compilation Framework for Lifelong Program Analysis \& Transformation},
 booktitle = {Proceedings of the international symposium on Code generation and optimization: feedback-directed and runtime optimization},
 series = {CGO '04},
 year = {2004},
 isbn = {0-7695-2102-9},
 location = {Palo Alto, California},
 pages = {75--},
 url = {http://dl.acm.org/citation.cfm?id=977395.977673},
 acmid = {977673},
 publisher = {IEEE Computer Society},
 address = {Washington, DC, USA},
} 

@inproceedings{cmpsim,
    author = {Aamer Jaleel and Robert S. Cohn and Chi-keung Luk and Bruce Jacob},
    title = {CMP\$im: A Pin-Based On-The-Fly Multi-Core Cache Simulator},
 		booktitle = {In Proceedings of the Fourth Annual Workshop on Modeling, Benchmarking and Simulation (MOBS'08)},
    year = {2008}
}

@article{falseshare:Analysis,
 author = {Hyde, Randall L. and Fleisch, Brett D.},
 title = {An analysis of degenerate sharing and false coherence},
 journal = {J. Parallel Distrib. Comput.},
 volume = {34},
 number = {2},
 year = {1996},
 issn = {0743-7315},
 pages = {183--195},
 doi = {http://dx.doi.org/10.1006/jpdc.1996.0054},
 publisher = {Academic Press, Inc.},
 address = {Orlando, FL, USA},
}

@INPROCEEDINGS{Wicaksono11detectingfalse,
    author = {Besar Wicaksono and Munara Tolubaeva and Barbara Chapman},
    title = {Detecting false sharing in OpenMP applications using the DARWIN framework},
    booktitle = {In Proceedings of International Workshop on Languages and Compilers for Parallel Computing},
    year = {2011}
}

@incollection{openmp,
year={2013},
isbn={978-3-642-36035-0},
booktitle={Languages and Compilers for Parallel Computing},
volume={7146},
series={Lecture Notes in Computer Science},
editor={Rajopadhye, Sanjay and Mills Strout, Michelle},
doi={10.1007/978-3-642-36036-7_19},
title={Detecting False Sharing in OpenMP Applications Using the DARWIN Framework},
url={http://dx.doi.org/10.1007/978-3-642-36036-7_19},
publisher={Springer Berlin Heidelberg},
keywords={Cache coherence; false sharing; OpenMP; DARWIN; hardware counter; OpenMP collector API},
author={Wicaksono, Besar and Tolubaeva, Munara and Chapman, Barbara},
pages={283-297},
language={English}
}


@inproceedings{OSfalsesharing,
 author = {Boyd-Wickizer, Silas and Clements, Austin T. and Mao, Yandong and Pesterev, Aleksey and Kaashoek, M. Frans and Morris, Robert and Zeldovich, Nickolai},
 title = {An analysis of Linux scalability to many cores},
 booktitle = {Proceedings of the 9th USENIX conference on Operating systems design and implementation},
 series = {OSDI'10},
 year = {2010},
 location = {Vancouver, BC, Canada},
 pages = {1--8},
 numpages = {8},
 url = {http://dl.acm.org/citation.cfm?id=1924943.1924944},
 acmid = {1924944},
 publisher = {USENIX Association},
 address = {Berkeley, CA, USA},
}

@misc{JVMfalsesharing,
 title = {False sharing induced by card table marking},
 author = "{David Dice}",
 howpublished = "\url{https://blogs.oracle.com/dave/entry/false_sharing_induced_by_card}",
 year = {2011},
 month = {February},
}

@misc{SheriffUsage,
 title = {Detecting false sharing},
 author = "{jyunker}",
 howpublished = "\url{http://www.linuxquestions.org/questions/linux-newbie-8/deecting-false-sharing-4175511542/}",
 year = {2014},
 month = {July},
}

@misc{libfalsesharing,
 title = {False sharing in boost::detail::spinlock pool?},
 author = "{mcmcc}",
 howpublished = "\url{http://stackoverflow.com/questions/11037655/false-sharing-in-boostdetailspinlock-pool}",
 year = {2012},
 month = {June},
}

@misc{mysql,
 title = {MySQL team increases scalability by >50% for Sysbench OLTP RO in MySQL 5.6 labs release april 2012},
 author = "{Mikael Ronstrom}",
 howpublished = "\url{http://mikaelronstrom.blogspot.com/2012/04/mysql-team-increases-scalability-by-50.html}",
 year = {2012},
 month = {April},
}

@mastersthesis{appfalsesharing,
 author = {Konstantinos Papadimitriou},
 title = {Taming False Sharing in Parallel Programs},
 year = {2009},
 school = {University of Edinburgh},
 howpublished = "\url{http://www.inf.ed.ac.uk/publications/thesis/online/IM090714.pdf}",
}

@inproceedings{OSdetection,
 author = {Nanavati, Mihir and Spear, Mark and Taylor, Nathan and Rajagopalan, Shriram and Meyer, Dutch T. and Aiello, William and Warfield, Andrew},
 title = {Whose cache line is it anyway?: operating system support for live detection and repair of false sharing},
 booktitle = {Proceedings of the 8th ACM European Conference on Computer Systems},
 series = {EuroSys '13},
 year = {2013},
 isbn = {978-1-4503-1994-2},
 location = {Prague, Czech Republic},
 pages = {141--154},
 numpages = {14},
 url = {http://doi.acm.org/10.1145/2465351.2465366},
 doi = {10.1145/2465351.2465366},
 acmid = {2465366},
 publisher = {ACM},
 address = {New York, NY, USA},
}

@inproceedings{RFDet,
 author = {Lu, Kai and Zhou, Xu and Bergan, Tom and Wang, Xiaoping},
 title = {Efficient Deterministic Multithreading Without Global Barriers},
 booktitle = {Proceedings of the 19th ACM SIGPLAN Symposium on Principles and Practice of Parallel Programming},
 series = {PPoPP '14},
 year = {2014},
 isbn = {978-1-4503-2656-8},
 location = {Orlando, Florida, USA},
 pages = {287--300},
 numpages = {14},
 url = {http://doi.acm.org/10.1145/2555243.2555252},
 doi = {10.1145/2555243.2555252},
 acmid = {2555252},
 publisher = {ACM},
 address = {New York, NY, USA},
 keywords = {deterministic execution, lazy release consistency, multithreading},
}

@inproceedings{Conversion, 
 author = {Merrifield, Timothy and Eriksson, Jakob},
 title = {Conversion: Multi-version Concurrency Control for Main Memory Segments},
 booktitle = {Proceedings of the 8th ACM European Conference on Computer Systems},
 series = {EuroSys '13},
 year = {2013},
 isbn = {978-1-4503-1994-2},
 location = {Prague, Czech Republic},
 pages = {127--139},
 numpages = {13},
 url = {http://doi.acm.org/10.1145/2465351.2465365},
 doi = {10.1145/2465351.2465365},
 acmid = {2465365},
 publisher = {ACM},
 address = {New York, NY, USA},
}

@misc{DthreadsProject,
 title = {Improved APIs and Programming Models for Deterministic Multithreading},
 author = "{Aarti Basant, James Paton, Seth Pollen}",
 howpublished = "\url{http://pages.cs.wisc.edu/~bart/736/f2011/PosterSession.html}",
 year = {2011},
 month = {December},
}

@inproceedings{dsm:munin,
 author = {Carter, John B. and Bennett, John K. and Zwaenepoel, Willy},
 title = {Implementation and performance of {Munin}},
 booktitle = {SOSP '91: Proceedings of the thirteenth ACM symposium on Operating systems principles},
 year = {1991},
 isbn = {0-89791-447-3},
 pages = {152--164},
 location = {Pacific Grove, California, United States},
 doi = {http://doi.acm.org/10.1145/121132.121159},
 publisher = {ACM},
 address = {New York, NY, USA},
}   

@inproceedings{dsm:treadmarks,
 author = {Keleher, Pete and Cox, Alan L. and Dwarkadas, Sandhya and Zwaenepoel, Willy},
 title = {TreadMarks: distributed shared memory on standard workstations and operating systems},
 booktitle = {Proceedings of the USENIX Winter 1994 Technical Conference on USENIX Winter 1994 Technical Conference},
 year = {1994},
 location = {San Francisco, California},
 pages = {10--10},
 numpages = {1},
 url = {http://portal.acm.org/citation.cfm?id=1267074.1267084},
 acmid = {1267084},
 publisher = {USENIX Association},
 address = {Berkeley, CA, USA},
}

@inproceedings{HPCToolkit,
 author = {Liu, Xu and Mellor-Crummey, John},
 title = {Pinpointing Data Locality Problems Using Data-centric Analysis},
 booktitle = {Proceedings of the 9th Annual IEEE/ACM International Symposium on Code Generation and Optimization},
 series = {CGO '11},
 year = {2011},
 isbn = {978-1-61284-356-8},
 pages = {171--180},
 numpages = {10},
 url = {http://dl.acm.org/citation.cfm?id=2190025.2190064},
 acmid = {2190064},
 publisher = {IEEE Computer Society},
 address = {Washington, DC, USA},
} 

@manual{detect:ptu,
 title = {Intel Performance Tuning Utility 3.2 Update },
 organization = "{Intel Corporation}",
 year = {2008},
 month = {November},
}

@misc{detect:intel,
 title = {Avoiding and Identifying False Sharing Among Threads},
 author = "{Intel Corporation}",
 howpublished = "\url{http://software.intel.com/en-us/articles/avoiding-and-identifying-false-sharing-among-threads/}",
 year = {2010},
 month = {February},
}

@misc{pebs,
	title = {Performance Analysis Guide},
  author = "{David Levinthal}",
  howpublished = "\url{https://software.intel.com/sites/products/collateral/hpc/vtune/performance_analysis_guide.pdf}",
  year = {2008},
}

@misc{ibs,
	title = {Instruction-Based Sampling: A New Performance Analysis Technique for AMD Family 10h Processors},
  author = "{Paul J. Drongowski}",
  howpublished = "\url{http://developer.amd.com/wordpress/media/2012/10/AMD_IBS_paper_EN.pdf}",
  year = {2007},
 month = {November},
}




@misc{fs:java1,
 title = {Mechanical Sympathy-Hardware and software working together in harmony}, 
 author = "{ Martin Thompson}",
 howpublished = "\url{http://mechanical-sympathy.blogspot.com/2011/07/false-sharing.html}",
 year = {2011},
 month = {July},
}

@misc{fs:java2,
 title = {concurrentlinkedhashmap:A ConcurrentLinkedHashMap for Java},
 author = "{Unknown}",
 howpublished = "\url{https://code.google.com/p/concurrentlinkedhashmap/wiki/Changelog}",
 year = {2013},
 month = {August},
}

@misc{fs:java3,
 title = {False sharing induced by card table marking},
 author = "{David Dice}",
 howpublished = "\url{https://blogs.oracle.com/dave/entry/false_sharing_induced_by_card}",
 year = {2011},
 month = {February},
}

@misc{fs:java4,
 title = {False sharing between PSPromotionManager instances},
 author = "{Stefan Karlsson}",
 howpublished = "\url{https://bugs.openjdk.java.net/browse/JDK-8022880?page=com.atlassian.jira.plugin.system.issuetabpanels:all-tabpanel}",
 year = {2013},
 month = {August},
}

@misc{fs:kernel1,
 title = {Re:xen, OpenMosix + pretty gui = virtual iron killer},
 author = "{Moshe Bar}",
 howpublished = "\url{http://old-list-archives.xenproject.org/xen-devel/2005-02/msg00878.html}",
 year = {2005},
 month = {February},
}

@misc{fs:kernel2,
 title = {[PATCH 13/21] i386 Gdt page isolation},
 author = "{Zachary Amsden}",
 howpublished = "\url{http://thr3ads.net/linux-virtualization/2007/04/433381-PATCH-13-21-i386-Gdt-page-isolation}",
 year = {2007},
 month = {April},
}

@misc{fs:python1,
 title = {[Python-Dev] GIL removal question},
 author = "{Sturla Molden}",
 howpublished = "\url{https://mail.python.org/pipermail/python-dev/2011-August/112840.html}",
 year = {2011},
 month = {August},
}

@misc{fs:python2,
 title = {Profiling scipy.weave inline codes},
 author = "{Rakulan S.}",
 howpublished = "\url{http://stackoverflow.com/questions/14441065/profiling-scipy-weave-inline-codes}",
 year = {2013},
 month = {January},
}

@misc{fs:openmp1,
 title = {false-sharing.c in OpenMP-examples},
 author = "{Nikolay Balandin}",
 howpublished = "\url{https://github.com/nbalandin/OpenMP-examples/blob/master/false-sharing/false-sharing.c}",
 year = {2014},
 month = {February},
}

@misc{fs:openmp2,
 title = {Using OpenMP for programming parallel threads in multicore applications: Part 2},
 author = "{Shameem Akhter and Jason Roberts}",
 howpublished = "\url{http://www.embedded.com/design/mcus-processors-and-socs/4007155/Using-OpenMP-for-programming-parallel-threads-in-multicore-applications-Part-2}",
 year = {2007},
 month = {August},
}

@misc{fs:lib1,
 title = {False Sharing hits again!},
 author = "{Gaetano Mendola}",
 howpublished = "\url{http://cpp-today.blogspot.com/2008/05/false-sharing-hits-again.html}",
 year = {2008},
 month = {May},
}

@misc{fs:lib2liburcu,
 title = "{[PATCH V2] urcu: avoid false sharing for rcu\_gp\_ctr}",
 author = "{Jiangshan Lai}",
 howpublished = "\url{http://lists.lttng.org/pipermail/lttng-dev/2012-December/019282.html}",
 year = {2012},
 month = {December},
}

@misc{fs:hypervisor,
 title = "{Characterizing the Performance and Scalability of Many-core Applications on Virtualized Platforms}",
 author = "{Xiang Song and Haibo Chen and Binyu Zang}",
 howpublished = "\url{http://ppi.fudan.edu.cn/_media/xen-profile-report.pdf}",
 year = {2010},
 month = {November},
}



@INPROCEEDINGS{fs:hypervisor1,
 author={S. Lankes and P. Reble},
 title={MetalSVM: Integration of Shared Virtual Memory Management to a Bare-Metal Hypervisor for future Many-core Processors},
 booktitle={{5th USENIX Workshop on Hot Topics in Parallelism (HotPar 13)}},
 address={San Jose, CA, USA},
 year={2013},
 month={June},
 url={https://www.usenix.org/conference/hotpar13/poster-session},
 keywords = {MetalSVM, Many-core, Intel SCC, Unconventional Clusters},
note = {Poster Paper}
}

@inproceedings{fs:hypervisor2,
 author = {Chen, Haibo and Zang, Binyu},
 title = {A Case for Secure and Scalable Hypervisor Using Safe Language},
 booktitle = {Proceedings of the 2012 International Workshop on Programming Models and Applications for Multicores and Manycores},
 series = {PMAM '12},
 year = {2012},
 isbn = {978-1-4503-1211-0},
 location = {New Orleans, Louisiana},
 pages = {134--139},
 numpages = {6},
 url = {http://doi.acm.org/10.1145/2141702.2141717},
 doi = {10.1145/2141702.2141717},
 acmid = {2141717},
 publisher = {ACM},
 address = {New York, NY, USA},
 keywords = {aspect-oriented design, hypervisor, object-oriented design, scalability, trustworthiness, verification},
} 


@inproceedings{fs:hypervisor3,
 author = {Dunlap, George W. and Lucchetti, Dominic G. and Fetterman, Michael A. and Chen, Peter M.},
 title = {Execution Replay of Multiprocessor Virtual Machines},
 booktitle = {Proceedings of the Fourth ACM SIGPLAN/SIGOPS International Conference on Virtual Execution Environments},
 series = {VEE '08},
 year = {2008},
 isbn = {978-1-59593-796-4},
 location = {Seattle, WA, USA},
 pages = {121--130},
 numpages = {10},
 url = {http://doi.acm.org/10.1145/1346256.1346273},
 doi = {10.1145/1346256.1346273},
 acmid = {1346273},
 publisher = {ACM},
 address = {New York, NY, USA},
 keywords = {ReVirt, Xen, determinism, direct memory access, execution replay, hardware page protections, multiprocessors, multithreading, virtual machines},
} 


@mastersthesis{falseshare:simulator,
 author = {Martin Schindewolf},
 title = {Analysis of Cache Misses Using {SIMICS}},
 year = {2007},
 school = {Institute for Computing Systems Architecture, University of Edinburgh},
}

@mastersthesis{falseshare:binaryinstrumentation2,
 author = {Chien-Lung Liu},
 title = {False Sharing Analysis for Multithreaded Programs},
 year = {2009},
 month = {July},
 school = {National Chung Cheng University},
}

@inproceedings{falseshare:binaryinstrumentation1,
 author = {G\"{u}nther, Stephan M. and Weidendorfer, Josef},
 title = {Assessing cache false sharing effects by dynamic binary instrumentation},
 booktitle = {WBIA '09: Proceedings of the Workshop on Binary Instrumentation and Applications},
 year = {2009},
 isbn = {978-1-60558-793-6},
 pages = {26--33},
 location = {New York, New York},
 doi = {http://doi.acm.org/10.1145/1791194.1791198},
 publisher = {ACM},
 address = {New York, NY, USA},
}

@InProceedings{qinzhao,
  title     = "Dynamic Cache Contention Detection in Multi-threaded Applications",
  author    = "Qin Zhao and David Koh and Syed Raza and Derek Bruening and Weng-Fai Wong and Saman Amarasinghe",
  booktitle = "The International Conference on Virtual Execution Environments",
  address   = "Newport Beach, CA",
  month     = "Mar",
  year      = "2011",
  keywords  = "Umbra",
  url       = "http://groups.csail.mit.edu/commit/papers/2011/zhao-vee11-cache-contention.pdf",
} 

@inproceedings{mldetect,
 author = {Jayasena, Sanath and Amarasinghe, Saman and Abeyweera, Asanka and Amarasinghe, Gayashan and De Silva, Himeshi and Rathnayake, Sunimal and Meng, Xiaoqiao and Liu, Yanbin},
 title = {Detection of False Sharing Using Machine Learning},
 booktitle = {Proceedings of SC13:  International Conference for High Performance Computing, Networking, Storage and Analysis},
 series = {SC '13},
 year = {2013},
 isbn = {978-1-4503-2378-9},
 location = {Denver, Colorado},
 pages = {30:1--30:9},
 articleno = {30},
 numpages = {9},
 url = {http://doi.acm.org/10.1145/2503210.2503269},
 doi = {10.1145/2503210.2503269},
 acmid = {2503269},
 publisher = {ACM},
 address = {New York, NY, USA},
 keywords = {false sharing, machine learning, performance events},
} 

@inproceedings{DProf,
 author = {Pesterev, Aleksey and Zeldovich, Nickolai and Morris, Robert T.},
 title = {Locating cache performance bottlenecks using data profiling},
 booktitle = {EuroSys '10: Proceedings of the 5th European conference on Computer systems},
 year = {2010},
 isbn = {978-1-60558-577-2},
 pages = {335--348},
 location = {Paris, France},
 doi = {http://doi.acm.org/10.1145/1755913.1755947},
 publisher = {ACM},
 address = {New York, NY, USA},
 }

@inproceedings{falseshare:compile,
 author = {Jeremiassen, Tor E. and Eggers, Susan J.},
 title = {Reducing false sharing on shared memory multiprocessors through compile time data transformations},
 booktitle = {PPOPP '95: Proceedings of the fifth ACM SIGPLAN symposium on Principles and practice of parallel programming},
 year = {1995},
 isbn = {0-89791-701-6},
 pages = {179--188},
 location = {Santa Barbara, California, United States},
 doi = {http://doi.acm.org/10.1145/209936.209955},
 publisher = {ACM},
 address = {New York, NY, USA},
}

@inproceedings{falseshare:schedule,
 author = {Chow, Jyh-Herng and Sarkar, Vivek},
 title = {False Sharing Elimination by Selection of Runtime Scheduling Parameters},
 booktitle = {ICPP '97: Proceedings of the international Conference on Parallel Processing},
 year = {1997},
 isbn = {0-8186-8108-X},
 pages = {396--403},
 publisher = {IEEE Computer Society},
 address = {Washington, DC, USA},
}

@inproceedings{Hoard,
 author = {Emery D. Berger and Kathryn S. McKinley and Robert D. Blumofe and Paul R. Wilson},
 title = {Hoard: a scalable memory allocator for multithreaded applications},
 booktitle = {ASPLOS-IX: Proceedings of the ninth international conference on Architectural support for programming languages and operating systems},
 year = {2000},
 isbn = {1-58113-317-0},
 pages = {117--128},
 location = {Cambridge, Massachusetts, United States},
 doi = {http://doi.acm.org/10.1145/378993.379232},
 publisher = {ACM Press},
 address = {New York, NY, USA},
 }


@misc{javafs,
 title = {False sharing induced by card table marking},
 author = "{David Dice}",
 howpublished = "\url{https://blogs.oracle.com/dave/entry/false_sharing_induced_by_card}",
 year = {2011},
 month = {February},
}

@misc{gprof,
  title = {GNU gprof },
  author = "{Gprof community }", 
  howpublished = "\url{https://sourceware.org/binutils/docs/gprof/}",
}

@misc{javapopular,
 title = {TIOBE Index for December 2014},
 author = "{tiobe.com}",
 howpublished = "\url{http://www.tiobe.com/index.php/content/paperinfo/tpci/index.html}",
 year = {2014},
 month = {December},
}

@misc{hadoop,
 title = {Welcome to Apache Hadoop!},
 author = "{Hadoop Community}",
 howpublished = "\url{http://hadoop.apache.org/}",
 year = {2014},
 month = {November},
}

@misc{Spark,
 title = {Spark: Lightning-fast cluster computing},
 author = "{Spark Community}",
 howpublished = "\url{http://spark.apache.org/}",
 year = {2014},
 month = {November},
}

@inproceedings{Blackburn:2004:BFF:1029873.1029891,
 author = {Blackburn, Stephen M. and Hosking, Antony L.},
 title = {Barriers: Friend or Foe?},
 booktitle = {Proceedings of the 4th International Symposium on Memory Management},
 series = {ISMM '04},
 year = {2004},
 isbn = {1-58113-945-4},
 location = {Vancouver, BC, Canada},
 pages = {143--151},
 numpages = {9},
 url = {http://doi.acm.org/10.1145/1029873.1029891},
 doi = {10.1145/1029873.1029891},
 acmid = {1029891},
 publisher = {ACM},
 address = {New York, NY, USA},
 keywords = {garbage collection, java, memory management, write barriers},
} 

@inproceedings{javaallocation, 
 author = {Dombrowski, Marcel and Kent, Kenneth B. and Dawson, Michael and Gracie, Charlie and Herpers, Rainer},
 title = {Dynamic Monitor Allocation in the Java Virtual Machine},
 booktitle = {Proceedings of the 11th International Workshop on Java Technologies for Real-time and Embedded Systems},
 series = {JTRES '13},
 year = {2013},
 isbn = {978-1-4503-2166-2},
 location = {Karlsruhe, Germany},
 pages = {30--37},
 numpages = {8},
 url = {http://doi.acm.org/10.1145/2512989.2512996},
 doi = {10.1145/2512989.2512996},
 acmid = {2512996},
 publisher = {ACM},
 address = {New York, NY, USA},
 keywords = {Java, Java virtual machine, dynamic allocation, lockwords, monitors},
} 

@misc{Javathreads,
 title = {JVM Internals},
 author = "{James D Bloom}",
 howpublished = "\url{http://blog.jamesdbloom.com/JVMInternals.html}",
 year = {2013},
 month = {November},
}

@INPROCEEDINGS{Mucci99papi,
    author = {Philip J. Mucci and Shirley Browne and Christine Deane and George Ho},
    title = {PAPI: A Portable Interface to Hardware Performance Counters},
    booktitle = {In Proceedings of the Department of Defense HPCMP Users Group Conference},
    year = {1999},
    pages = {7--10}
}

@inproceedings{Liu:2014:TAP:2555243.2555271,
 author = {Liu, Xu and Mellor-Crummey, John},
 title = {A Tool to Analyze the Performance of Multithreaded Programs on NUMA Architectures},
 booktitle = {Proceedings of the 19th ACM SIGPLAN Symposium on Principles and Practice of Parallel Programming},
 series = {PPoPP '14},
 year = {2014},
 isbn = {978-1-4503-2656-8},
 location = {Orlando, Florida, USA},
 pages = {259--272},
 numpages = {14},
 url = {http://doi.acm.org/10.1145/2555243.2555271},
 doi = {10.1145/2555243.2555271},
 acmid = {2555271},
 publisher = {ACM},
 address = {New York, NY, USA},
 keywords = {NUMA, memory access pattern, performance optimization, profiler, threads},
} 


@misc{perfevent,
 title = {perf\_event Programming Guide},
 author = "{Vince Weaver}",
 howpublished = "\url{http://web.eece.maine.edu/~vweaver/projects/perf_events/programming.html}",
 year = {2014},
}

@misc{proc,
 title = {procfs},
 author = "{Wikipedia}",
 howpublished = "\url{http://en.wikipedia.org/wiki/Procfs}",
 year = {2010},
}

@misc{xen,
 title = "{The Xen Project: Powers the largest clouds in production}",
 author = "{Xen Community}",
 howpublished = "\url{http://www.xenproject.org/}",
 year = {2014},
}

@misc{kvm,
 title = "{KVM: Kernel Based Virtual Machine }",
 author = "{KVM Community}",
 howpublished = "\url{http://www.linux-kvm.org/page/Main_Page}",
 year = {2014},
}
    
@inproceedings{Nikolaev:2011:PFP:1952682.1952687,
 author = {Nikolaev, Ruslan and Back, Godmar},
 title = {Perfctr-Xen: A Framework for Performance Counter Virtualization},
 booktitle = {Proceedings of the 7th ACM SIGPLAN/SIGOPS International Conference on Virtual Execution Environments},
 series = {VEE '11},
 year = {2011},
 isbn = {978-1-4503-0687-4},
 location = {Newport Beach, California, USA},
 pages = {15--26},
 numpages = {12},
 url = {http://doi.acm.org/10.1145/1952682.1952687},
 doi = {10.1145/1952682.1952687},
 acmid = {1952687},
 publisher = {ACM},
 address = {New York, NY, USA},
 keywords = {hpctoolkit, papi, perfctr, profilers, virtual machine monitors, xen},
} 


@article{icl:688,
author      = {Johnson, M. and McCraw, H. and Moore, S. and Mucci, P. and Nelson, J. and Terpstra, D. and Weaver, V. and Mohan, T.},
title       = {PAPI-V: Performance Monitoring for Virtual Machines},
booktitle   = {CloudTech-HPC 2012},
institution = {Innovative Computing Laboratory, University of Tennessee},
address     = {Pittsburgh, PA},
month       = {September},
year        = {2012}
}
